<record><leader>00000cas a22000007a 4500</leader><controlfield tag="001">11894241</controlfield><controlfield tag="008">850408d18571860wiuwr ne      0    0nor d</controlfield><datafield ind1=" " ind2=" " tag="010"><subfield code="a">sn 85040506 </subfield></datafield><datafield ind1=" " ind2=" " tag="040"><subfield code="a">NPV</subfield><subfield code="b">eng</subfield><subfield code="c">NPV</subfield><subfield code="d">GUA</subfield><subfield code="d">OCLCQ</subfield></datafield><datafield ind1="0" ind2=" " tag="041"><subfield code="a">nor</subfield><subfield code="a">eng</subfield></datafield><datafield ind1=" " ind2=" " tag="042"><subfield code="a">msc</subfield></datafield><datafield ind1=" " ind2=" " tag="043"><subfield code="a">n-us-wi</subfield></datafield><datafield ind1=" " ind2=" " tag="045"><subfield code="a">w5w6</subfield></datafield><datafield ind1=" " ind2=" " tag="052"><subfield code="a">4123</subfield><subfield code="b">D3</subfield></datafield><datafield ind1="0" ind2="0" tag="245"><subfield code="a">Nordstjernen, et National Demokratisk blad.</subfield></datafield><datafield ind1="1" ind2="3" tag="246"><subfield code="a">Nordstjernen</subfield></datafield><datafield ind1=" " ind2=" " tag="260"><subfield code="a">Madison, Wis. :</subfield><subfield code="b">Skandinaviske Demokratiske Presseforening,</subfield><subfield code="c">1857-1860.</subfield></datafield><datafield ind1=" " ind2=" " tag="300"><subfield code="a">4 volumes :</subfield><subfield code="b">illustrations</subfield></datafield><datafield ind1=" " ind2=" " tag="310"><subfield code="a">Weekly</subfield></datafield><datafield ind1=" " ind2=" " tag="336"><subfield code="a">text</subfield><subfield code="b">txt</subfield><subfield code="2">rdacontent</subfield></datafield><datafield ind1=" " ind2=" " tag="337"><subfield code="a">unmediated</subfield><subfield code="b">n</subfield><subfield code="2">rdamedia</subfield></datafield><datafield ind1=" " ind2=" " tag="338"><subfield code="a">volume</subfield><subfield code="b">nc</subfield><subfield code="2">rdacarrier</subfield></datafield><datafield ind1="0" ind2=" " tag="362"><subfield code="a">1ste aarg., no. 1 (10de juni 1857)-4de aarg., no. 31 (10de oct. 1860).</subfield></datafield><datafield ind1=" " ind2=" " tag="500"><subfield code="a">Editor: C.M. Reese, June 1857-Mar. 1858.--H. Borchsenius, Sept. 1858-Aug. 1860.--Jac. Seemann, Oct. 10, 1860.</subfield></datafield><datafield ind1=" " ind2=" " tag="515"><subfield code="a">Suspended May 27-Sept. 7, 1858.</subfield></datafield><datafield ind1=" " ind2=" " tag="521"><subfield code="a">Norwegian-American newspaper. Cf. Hovde, O.M. and M.E. Henzler. Norwegian-American newspapers in Luther College Library.</subfield></datafield><datafield ind1=" " ind2=" " tag="546"><subfield code="a">In Norwegian and English.</subfield></datafield><datafield ind1=" " ind2=" " tag="752"><subfield code="a">United States</subfield><subfield code="b">Wisconsin</subfield><subfield code="c">Dane</subfield><subfield code="d">Madison.</subfield></datafield><datafield ind1="0" ind2="0" tag="780"><subfield code="t">Norske Amerikaner, et National Democratisk blad</subfield><subfield code="w">(DLC)sn 85040505</subfield></datafield><datafield ind1="0" ind2="4" tag="785"><subfield code="t">Emigranten (Inmansville, Wis.)</subfield><subfield code="w">(DLC)sn 83047106</subfield></datafield></record>